@article{Yelda_2010,
  doi = {10.1088/0004-637x/725/1/331},
  url = {http://dx.doi.org/10.1088/0004-637x/725/1/331},
  year = {2010},
  month = {nov},
  publisher = {{IOP} Publishing},
  volume = {725},
  number = {1},
  pages = {331--352},
  author = {S. Yelda and J. R. Lu and A. M. Ghez and W. Clarkson and J. Anderson and T. Do and K. Matthews},
  title = {{{IMPROVING} {GALACTIC} {CENTER} {ASTROMETRY} {BY} {REDUCING} {THE} {EFFECTS} {OF} {GEOMETRIC} {DISTORTION}}},
  journal = {{ApJ}},
}
